<record><leader>00000cas a22000007a 4500</leader><controlfield tag="001">23663777</controlfield><controlfield tag="008">910430d19711987nyuwr ne      0    0eng d</controlfield><datafield ind1=" " ind2=" " tag="010"><subfield code="a">sn 91066247 </subfield></datafield><datafield ind1=" " ind2=" " tag="040"><subfield code="a">NYS</subfield><subfield code="b">eng</subfield><subfield code="c">NYS</subfield><subfield code="d">OCL</subfield><subfield code="d">NYS</subfield><subfield code="d">OCLCQ</subfield></datafield><datafield ind1=" " ind2=" " tag="019"><subfield code="a">23663718</subfield></datafield><datafield ind1=" " ind2=" " tag="042"><subfield code="a">msc</subfield></datafield><datafield ind1="0" ind2="4" tag="245"><subfield code="a">The Independent villager.</subfield></datafield><datafield ind1="3" ind2="0" tag="246"><subfield code="a">Villager</subfield></datafield><datafield ind1=" " ind2=" " tag="260"><subfield code="a">Marathon, N.Y. :</subfield><subfield code="b">Independent Newspapers</subfield></datafield><datafield ind1=" " ind2=" " tag="300"><subfield code="a">v. ;</subfield><subfield code="c">41 cm.</subfield></datafield><datafield ind1=" " ind2=" " tag="310"><subfield code="a">Weekly</subfield></datafield><datafield ind1="0" ind2=" " tag="362"><subfield code="a">May 24, 1971-Aug. 24, 1987.</subfield></datafield><datafield ind1=" " ind2="4" tag="651"><subfield code="a">Marathon (N.Y.)</subfield><subfield code="v">Newspapers.</subfield></datafield><datafield ind1=" " ind2=" " tag="752"><subfield code="a">United States</subfield><subfield code="b">New York</subfield><subfield code="c">Cortland</subfield><subfield code="d">Marathon.</subfield></datafield><datafield ind1="0" ind2="0" tag="780"><subfield code="t">7 valley villager</subfield><subfield code="w">(DLC)sn 91066307</subfield><subfield code="w">(OCoLC)23863608</subfield></datafield><datafield ind1="0" ind2="0" tag="785"><subfield code="t">Villager (Syracuse, N.Y.)</subfield><subfield code="w">(DLC)sn 92061821</subfield></datafield><datafield ind1="1" ind2=" " tag="029"><subfield code="a">AU@</subfield><subfield code="b">000025905696</subfield></datafield></record>